@book{kovacs2002redes,
  title = {Redes neurais artificiais},
  author = {Kov{\'a}cs, Zsolt L{\'a}szl{\'o}},
  year = {2002},
  publisher={Editora Livraria da Fisica}
}